<?xml version="1.0" encoding="UTF-8"?><record xmlns="http://www.loc.gov/MARC21/slim" xmlns:cinclude="http://apache.org/cocoon/include/1.0" xmlns:zs="http://www.loc.gov/zing/srw/">
  <leader>00441cz  a2200133n  4500</leader>
  <controlfield tag="001">n  83009043 </controlfield>
  <controlfield tag="003">DLC</controlfield>
  <controlfield tag="005">20081218075840.0</controlfield>
  <controlfield tag="008">830601n| acannaabn          |n aaa      </controlfield>
  <datafield tag="010" ind1=" " ind2=" ">
    <subfield code="a">n  83009043 </subfield>
  </datafield>
  <datafield tag="035" ind1=" " ind2=" ">
    <subfield code="a">(OCoLC)oca00904001</subfield>
  </datafield>
  <datafield tag="040" ind1=" " ind2=" ">
    <subfield code="a">DLC</subfield>
    <subfield code="b">eng</subfield>
    <subfield code="c">DLC</subfield>
    <subfield code="d">OCoLC</subfield>
  </datafield>
  <datafield tag="100" ind1="1" ind2=" ">
    <subfield code="a">Wehr, C. Timothy</subfield>
  </datafield>
  <datafield tag="670" ind1=" " ind2=" ">
    <subfield code="a">High performance liquid chromatography of proteins and peptides, 1983 (a.e.)</subfield>
    <subfield code="b">CIP t.p. (C. Timothy Wehr, Varian Instrument, Walnut Creek, CA)</subfield>
  </datafield>
</record>